<?xml version="1.0" encoding="UTF-8"?><collection xmlns="http://www.loc.gov/MARC21/slim"><record><leader>00501nam--2200169-u-4500</leader><controlfield tag="001">000054576</controlfield><controlfield tag="002">20161230</controlfield><controlfield tag="005">20161230201051</controlfield><controlfield tag="008">120313s1000------------r-----000-0-eng-d</controlfield><datafield ind1=" " ind2=" " tag="040"><subfield code="a">IFIN-HH</subfield></datafield><datafield ind1=" " ind2=" " tag="080"><subfield code="a">539.12.162.8</subfield></datafield><datafield ind1="1" ind2=" " tag="100"><subfield code="a">Blomqvist, Gunnar</subfield></datafield><datafield ind1="1" ind2="0" tag="245"><subfield code="a">Investigation of some quasi two- and three-body processes in proton-proton collisions at 19 gev/c</subfield><subfield code="c">Gunnar blomqvist</subfield></datafield><datafield ind1=" " ind2=" " tag="260"><subfield code="a">Stockholm</subfield><subfield code="b">Universite</subfield><subfield code="c">1976</subfield></datafield><datafield ind1=" " ind2=" " tag="300"><subfield code="a">31P</subfield></datafield><datafield ind1=" " ind2=" " tag="852"><subfield code="a">43667</subfield><subfield code="c">539.131</subfield></datafield><datafield ind1=" " ind2=" " tag="CAT"><subfield code="a">Sys</subfield><subfield code="c">20120313</subfield><subfield code="h">094441</subfield></datafield></record></collection>